@Book{design_patterns,
  key =          {GoF},
  author = 	 	 {E. Gamma and R. Helm and R. Johnson and J. Vlissides},
  title = 	 	 {Dessign Patterns},
  publisher = 	 {Addison-Wesley},
  year = 	 	 {1996},
}

@Book{puder05:_distr_system_archit,
  author =		{A. Puder and K. Römer and F. Pilhofer},
  title = 	 	{Distributed Systems Architecture: A Middleware Approach},
  publisher = 	{Morgan Kaufman},
  year = 	 	{2005}
}

@Book{sousa,
  author = 	 {{Martínez de Sousa}, J.},
  title = 	 {Ortografía y ortotipografía del español actual},
  publisher = 	 {Trea},
  year = 	 {2008},
}






@article{Resnick:1997:RS:245108.245121,
 author = {Resnick, Paul and Varian, Hal R.},
 title = {Recommender Systems},
 journal = {Commun. ACM},
 issue_date = {March 1997},
 volume = {40},
 number = {3},
 month = mar,
 year = {1997},
 issn = {0001-0782},
 pages = {56--58},
 numpages = {3},
 url = {http://doi.acm.org/10.1145/245108.245121},
 doi = {10.1145/245108.245121},
 acmid = {245121},
 publisher = {ACM},
 address = {New York, NY, USA},
} 

@article{Lu,
	title = {Recommender systems },
	journal = {Physics Reports},
	volume = {519},
	number = {1},
	pages = {1 - 49},
	year = {2012},
	note = {Recommender Systems},
	issn = {0370-1573},
	doi = {http://dx.doi.org/10.1016/j.physrep.2012.02.006},
	url = {http://www.sciencedirect.com/science/article/pii/S0370157312000828},
	author = {Linyuan Lü and Matúš Medo and Chi Ho Yeung and Yi-Cheng Zhang and Zi-Ke Zhang and Tao Zhou},
}

@article{Burke,
 author = {Burke, Robin},
 title = {Hybrid Recommender Systems: Survey and Experiments},
 journal = {User Modeling and User-Adapted Interaction},
 issue_date = {November 2002},
 volume = {12},
 number = {4},
 month = nov,
 year = {2002},
 issn = {0924-1868},
 pages = {331--370},
 numpages = {40},
 url = {http://dx.doi.org/10.1023/A:1021240730564},
 doi = {10.1023/A:1021240730564},
 acmid = {586352},
 publisher = {Kluwer Academic Publishers},
 address = {Hingham, MA, USA},
 keywords = {case-based reasoning, collaborative filtering, recommender systems},
} 

@article{Bennett:2007,
 author = {Bennett, James and Elkan, Charles and Liu, Bing and Smyth, Padhraic and Tikk, Domonkos},
 title = {KDD Cup and Workshop 2007},
 journal = {SIGKDD Explor. Newsl.},
 issue_date = {December 2007},
 volume = {9},
 number = {2},
 month = dec,
 year = {2007},
 issn = {1931-0145},
 pages = {51--52},
 numpages = {2},
 url = {http://doi.acm.org/10.1145/1345448.1345459},
 doi = {10.1145/1345448.1345459},
 acmid = {1345459},
 publisher = {ACM},
 address = {New York, NY, USA},
 keywords = {KDD Cup, Netflix prize, collaborative filtering, recommendation},
} 

@article{Goldberg:1992:UCF:138859.138867,
 author = {Goldberg, David and Nichols, David and Oki, Brian M. and Terry, Douglas},
 title = {Using Collaborative Filtering to Weave an Information Tapestry},
 journal = {Commun. ACM},
 issue_date = {Dec. 1992},
 volume = {35},
 number = {12},
 month = dec,
 year = {1992},
 issn = {0001-0782},
 pages = {61--70},
 numpages = {10},
 url = {http://doi.acm.org/10.1145/138859.138867},
 doi = {10.1145/138859.138867},
 acmid = {138867},
 publisher = {ACM},
 address = {New York, NY, USA},
 keywords = {information filtering, tapestry},
} 

@ARTICLE{4322444, 
author={E. M. Housman and E. D. Kaskela}, 
journal={IEEE Transactions on Engineering Writing and Speech}, 
title={State of the Art in Selective Dissemination of Information}, 
year={1970}, 
volume={13}, 
number={2}, 
pages={78-83}, 
keywords={Documentation;Government;Information analysis;Information retrieval;Laboratories;Libraries;Research and development;Speech;US Department of Defense;Writing}, 
doi={10.1109/TEWS.1970.4322444}, 
ISSN={0018-9405}, 
month={Sept},}


@article{allen1990user,
  title={User models: theory, method, and practice},
  author={Allen, Robert B},
  journal={International Journal of man-machine Studies},
  volume={32},
  number={5},
  pages={511--543},
  year={1990},
  publisher={Elsevier}
}

@article{Malone:1986:ILI:22339.22340,
 author = {Malone, T. W. and Grant, K. R. and Turbak, F. A.},
 title = {The Information Lens: An Intelligent System for Information Sharing in Organizations},
 journal = {SIGCHI Bull.},
 issue_date = {April 1986},
 volume = {17},
 number = {4},
 month = apr,
 year = {1986},
 issn = {0736-6906},
 pages = {1--8},
 numpages = {8},
 url = {http://doi.acm.org/10.1145/22339.22340},
 doi = {10.1145/22339.22340},
 acmid = {22340},
 publisher = {ACM},
 address = {New York, NY, USA},
}


@Misc{ScrumGuide,
  author = {Ken Schwaber and Jeff Sutherland},
  title = 	 {The Scrum Guide},
  howpublished = {\url{http://www.scrumguides.org/scrum-guide.html}},
  year = 	 {July 2016},
  note = 	 {Retrieved Agosto 03, 2016},
}

@book{schwaber2004agile,
  title={Agile project management with Scrum},
  author={Schwaber, Ken},
  year={2004},
  publisher={Microsoft press}
}

@inproceedings{ilieva2004analyses,
  title={Analyses of an agile methodology implementation},
  author={Ilieva, Sylvia and Ivanov, Penko and Stefanova, Eliza},
  booktitle={Euromicro Conference, 2004. Proceedings. 30th},
  pages={326--333},
  year={2004},
  organization={IEEE}
}




@Misc{AndroidStudio,
  title = 	 {Android Studio},
  howpublished = {\url{https://developer.android.com/studio/index.html}},
  note = 	 {Retrieved June 12, 2016},
}

@Misc{EclipseADT,
  title = 	 {Eclipse ADT},
  howpublished = {\url{https://marketplace.eclipse.org/content/android-development-tools-eclipse}},
  note = 	 {Retrieved June 12, 2016},
}

@Misc{Maven,
  title = 	 {Maven},
  howpublished = {\url{https://maven.apache.org/}},
  note = 	 {Retrieved June 12, 2016},
}

@article{CloudComputing,
  title={A view of cloud computing},
  author={Armbrust, Michael and Fox, Armando and Griffith, Rean and Joseph, Anthony D and Katz, Randy and Konwinski, Andy and Lee, Gunho and Patterson, David and Rabkin, Ariel and Stoica, Ion and others},
  journal={Communications of the ACM},
  volume={53},
  number={4},
  pages={50--58},
  year={2010},
  publisher={ACM}
}

@Misc{Datastore,
  title = 	 {Google Cloud Datastore},
  howpublished = {\url{https://cloud.google.com/datastore/docs/}},
  note = 	 {Retrieved June 12, 2016},
}

@Misc{Blobstore,
  title = 	 {Google Blobstore},
  howpublished = {\url{https://cloud.google.com/appengine/docs/python/blobstore/}},
  note = 	 {Retrieved June 13, 2016},
}

@Misc{Vision,
  title = 	 {Google Blobstore},
  howpublished = {\url{https://cloud.google.com/vision/}},
  note = 	 {Retrieved June 13, 2016},
}

@Misc{Messaging,
  title = 	 {Google Blobstore},
  howpublished = {\url{https://cloud.google.com/vision/}},
  note = 	 {Retrieved June 13, 2016},
}

@Misc{GCSearch,
  title = 	 {Google Blobstore},
  howpublished = {\url{https://developers.google.com/custom-search/}},
  note = 	 {Retrieved June 13, 2016},
}

@Misc{GitHub,
  title = 	 {GitHub},
  howpublished = {\url{https://github.com/}},
  note = 	 {Retrieved June 13, 2016},
}

@Misc{Git,
  title = 	 {Git},
  howpublished = {\url{https://git-scm.com/}},
  note = 	 {Retrieved June 13, 2016},
}

@Misc{Latex,
  title = 	 {LaTeX},
  howpublished = {\url{https://www.latex-project.org/}},
  note = 	 {Retrieved June 13, 2016},
}

@Misc{JSON,
  title = 	 {JSON},
  howpublished = {\url{http://www.json.org/}},
  note = 	 {Retrieved June 13, 2016},
}
